<?xml version="1.0" encoding="UTF-8"?><record xmlns="http://www.loc.gov/MARC21/slim" xmlns:cinclude="http://apache.org/cocoon/include/1.0" xmlns:zs="http://www.loc.gov/zing/srw/">
  <leader>00698cz  a2200205n  4500</leader>
  <controlfield tag="001">n  80144920 </controlfield>
  <controlfield tag="003">DLC</controlfield>
  <controlfield tag="005">20130920073914.0</controlfield>
  <controlfield tag="008">810119n| azannaabn          |a ana      </controlfield>
  <datafield tag="010" ind1=" " ind2=" ">
    <subfield code="a">n  80144920 </subfield>
  </datafield>
  <datafield tag="035" ind1=" " ind2=" ">
    <subfield code="a">(OCoLC)oca00525070</subfield>
  </datafield>
  <datafield tag="040" ind1=" " ind2=" ">
    <subfield code="a">DLC</subfield>
    <subfield code="b">eng</subfield>
    <subfield code="e">rda</subfield>
    <subfield code="c">DLC</subfield>
    <subfield code="d">TNJ</subfield>
    <subfield code="d">ICU</subfield>
    <subfield code="d">NNU-L</subfield>
  </datafield>
  <datafield tag="046" ind1=" " ind2=" ">
    <subfield code="s">1961</subfield>
  </datafield>
  <datafield tag="110" ind1="2" ind2=" ">
    <subfield code="a">Vera Institute of Justice</subfield>
  </datafield>
  <datafield tag="370" ind1=" " ind2=" ">
    <subfield code="e">New York (N.Y.)</subfield>
  </datafield>
  <datafield tag="371" ind1=" " ind2=" ">
    <subfield code="a">233 Broadway, 12th Floor</subfield>
    <subfield code="b">New York</subfield>
    <subfield code="c">New York</subfield>
    <subfield code="d">United States</subfield>
    <subfield code="e">10279</subfield>
    <subfield code="u">www.vera.org</subfield>
  </datafield>
  <datafield tag="377" ind1=" " ind2=" ">
    <subfield code="a">eng</subfield>
  </datafield>
  <datafield tag="410" ind1="1" ind2=" ">
    <subfield code="a">New York (N.Y.).</subfield>
    <subfield code="b">Vera Institute of Justice</subfield>
  </datafield>
  <datafield tag="510" ind1="2" ind2=" ">
    <subfield code="w">a</subfield>
    <subfield code="a">Vera Foundation</subfield>
  </datafield>
  <datafield tag="670" ind1=" " ind2=" ">
    <subfield code="a">Vera Institute of Justice homepage, Sept. 27, 2012</subfield>
    <subfield code="b">brochure (began in 1961, headquartered in New York, N.Y.)</subfield>
  </datafield>
</record>